<?xml version="1.0" encoding="UTF-8"?><collection xmlns="http://www.loc.gov/MARC21/slim"><record><leader>00341nam--2200121-i-4500</leader><controlfield tag="001">000029914</controlfield><controlfield tag="002">20161230</controlfield><controlfield tag="005">20161230201038</controlfield><controlfield tag="008">060222s1000------------r-----000-0-eng-d</controlfield><datafield ind1=" " ind2=" " tag="100"><subfield code="a">Miller, Henry A</subfield></datafield><datafield ind1=" " ind2=" " tag="245"><subfield code="a">Luminous tube lighting including high voltage fluorescent lighting</subfield></datafield><datafield ind1=" " ind2=" " tag="260"><subfield code="a">London, George Newnes, 1947. Vii + 171p</subfield></datafield><datafield ind1=" " ind2=" " tag="852"><subfield code="a">1245</subfield></datafield></record></collection>